@InProceedings{he2024fedkit,
  author       = "Sichang He and Beilong Tang and Boyan Zhang and Jiaqi
                 Shao and Xiaomin Ouyang and Daniel Nata Nugraha and
                 Bing Luo",
  title        = "{FedKit}: Enabling Cross-Platform Federated Learning
                 for Android and {iOS}",
  booktitle    = "{IEEE} {INFOCOM 2024-IEEE} Conference on Computer
                 Communications Workshops {(INFOCOM} {WKSHPS)}",
  year         = "2024",
  pages        = "to appear",
}

@Unpublished{luo2024fedcampus,
  author       = "Bing Luo and Sichang He",
  title        = "{FedCampus}: a Privacy-preserving Data Platform for
                 Smart Campus with Federated Learning and Analytics",
  note         = "Presentated at Flower AI Summit, 2024",
  month        = mar,
  year         = "2024",
}
